% You can generate BibTeX-style bibliography entries from e.g Google Scholar (Cite -> BibTeX)

@article{bestekaffe,
  title={Slik lager du den beste kaffen!},
  author={Tor Risberg}},
% url={http://www.nrk.no/livsstil/slik-lager-du-den-beste-kaffen_-1.7164523},
  month = {9},
  year={2010}
}

@article{optimaldrikketemperatur,
	title={At What Temperatures Do Consumers Like to Drink Coffee: Mixing Methods},
	author={H.S Lee and M. O'Mahony}},
	url={http://onlinelibrary.wiley.com/doi/10.1111/j.1365-2621.2002.tb08814.x/epdf},
	year={2002}
}

@article{tmprod,
	title = {USB-koppvarmer}},
	url = {http://www.teknikmagasinet.no/produkter/leker-o-gadgets/usb-gadgets/usb-koppvarmer}
}

@article{drikkemengde,
	title = {Vi drikker fire milliarder kopper kaffe i Ã¥ret},
	author = {Robin Stenersen}},
	url = {http://kaffe.no/vi-drikker-fire-milliarder-kopper-kaffe-i-aret/},
	month = {4},
	year = {2012}
}

@article{bodum,
	title = {Travel Mug}},
	url = {http://www.bodum.com/no/en-us/shop/detail/11068-565/}
}